%% This BibTeX bibliography file was created using BibDesk.
%% http://bibdesk.sourceforge.net/

%% Saved with string encoding Unicode (UTF-8) 

@BOOK{rs1,
  author = {Ricci and Rokach and Shapira and Kantor}, 
  year={2010},
  title = {Recommender Systems Handbook}, 
  subtitle = {Introduction to Recommender Systems},
  edition= {first}, 
  publisher = {Springer Science \& Business Media},
  pagetotal =  {842},
  isbn =  {978-0-387-85819-7},
  langid = {english}
}

@ARTICLE{rs2,
  author = {Baptiste Rocca},
  title =  {Introduction to recommender systems}, 
  date = {2019-06-03},
  url = {https://towardsdatascience.com/introduction-to-recommender-systems-6c66cf15ada},
  urldate = {2020-12-04},
  langid = {english}
}

@ONLINE{rs3,
  author = {Parul Pandey},
  title =  {The Remarkable World of Recommender Systems}, 
  date = {2019-05-09},
  url = {https://towardsdatascience.com/the-remarkable-world-of-recommender-systems-bff4b9cbe6a7},
  urldate = {2020-12-05},
  langid = {english}
}

@ONLINE{ma1,
    title = {Mobile app},
    url = {https://en.wikipedia.org/wiki/Mobile_app},
    urldate = {2020-12-08},
    keywords  = {mobile apps,aplication},
}

@ONLINE{ma2,
    title = {Mobilní aplikace},
    url = {https://cs.wikipedia.org/wiki/Mobilní_aplikace},
    urldate = {2020-12-08},
    keywords  = {mobilni aplikace},
}

@ONLINE{ma3,
    title = {What Are the Different Types of Mobile Apps? And How Do You Choose?},
    author = {Lionel Valdellon},
    date = {2020-11-01},
    url = {https://clevertap.com/blog/types-of-mobile-apps/},
    urldate = {2021-04-20},
    keywords  = {types of apps},
}

@ONLINE{ma4,
    title = {Hybrid Apps},
    subtitle = {An overview of advantages, limitations \& consequences for your testing phase},
    url = {https://www2.stardust-testing.com/en/blog-en/hybrid-apps},
    urldate = {2020-12-20},
    keywords  = {hybrid apps,types of apps},
}

@ONLINE{ma5,
    title = {Native vs. Hybrid App Development: Which Approach to Choose?},
    author = {Vitaly Kuprenko},
    url = {https://www.cleveroad.com/blog/native-or-hybrid-app-development-what-to-choose},
    urldate = {2021-04-22},
    keywords  = {mobilni aplikace},
}

@ONLINE{ma6,
    title = {Cross-platform vs Native Mobile App Development: Choosing the Right Development Tools for Your Project},
    author = {Andrei Klubnikin},
    url = {https://medium.com/all-technology-feeds/cross-platform-vs-native-mobile-app-development-choosing-the-right-dev-tools-for-your-app-project-47d0abafee81},
    date = {2020},
    urldate = {2021-04-24},
    keywords  = {hybrid vs native app},
}

@ONLINE{rn1,
    title = {Zuckerberg's Biggest Mistake? 'Betting on HTML5'},
    author = {Christina Warren},
    url = {https://mashable.com/2012/09/11/html5-biggest-mistake/?europe=true},
    date = {2012-09-12},
    urldate = {2020-12-22},
    keywords  = {react native},
}

@ONLINE{rn2,
    title = {React (JavaScript library)},
    url = {https://en.wikipedia.org/wiki/React_(JavaScript_library)},
    urldate = {2020-12-22},
    keywords  = {react native},
}

@ONLINE{rn3,
    title = {How the React Native bridge works and how it will change in the near future},
    author = {Jimmy Cook},
    url = {https://dev.to/wjimmycook/how-the-react-native-bridge-works-and-how-it-will-change-in-the-near-future-4ekc},
    date = {2020-08-09},
    urldate = {2020-12-23},
    keywords  = {react native},
}

@ONLINE{rn4,
    title = {React Virtual DOM Explained in Simple English},
    author = {Mosh Hamedani},
    url = {https://programmingwithmosh.com/react/react-virtual-dom-explained/},
    date = {2018-12-03},
    urldate = {2020-12-25},
    keywords  = {react native},
}

@ONLINE{nodejswiki,
    title = {Node.js},
    url = {https://en.wikipedia.org/wiki/Node.js},
    urldate = {2020-12-27},
    keywords  = {react native},
}

@ONLINE{nodejs,
    title = {What exactly is Node.js?},
    author = {Priyesh Patel},
    url = {https://www.freecodecamp.org/news/what-exactly-is-node-js-ae36e97449f5/},
    date = {2018-04-18},
    urldate = {2020-12-27},
    keywords  = {react native},
}

@ONLINE{yarn,
    title = {Yarn: A new package manager for JavaScript},
    author = {Christoph Nakazawa, Sebastian McKenzie, Jamie Kyle},
    url = {https://engineering.fb.com/2016/10/11/web/yarn-a-new-package-manager-for-javascript/},
    date = {2016-10-11},
    urldate = {2020-12-27},
    keywords  = {react native},
}

@ONLINE{axios,
    title = {What is Axios.js and why should I care?},
    author = {Eric Kollegger},
    url = {https://medium.com/@MinimalGhost/what-is-axios-js-and-why-should-i-care-7eb72b111dc0},
    date = {2018-05-14},
    urldate = {2020-12-28},
    keywords  = {react native},
}

@ONLINE{tmdb,
    title = {Let's talk about TMDb},
    url = {https://www.themoviedb.org/about},
    urldate = {2020-12-28},
    keywords  = {react native},
}

@ONLINE{firebase,
    title = {What is Firebase? The complete story, abridged.},
    url = {https://medium.com/firebase-developers/what-is-firebase-the-complete-story-abridged-bcc730c5f2c0},
    author = {Doug Stevenson},
    date = {2018-09-25},
    urldate = {2021-01-02},
    keywords  = {react native},
}

@ONLINE{auth,
    title = {Firebase Authentication: Introduction},
    url = {https://firebase.google.com/docs/auth},
    urldate = {2021-01-02},
    keywords  = {react native},
}

@ONLINE{firestoredoc,
    title = {Cloud Firestore: Introduction},
    url = {https://firebase.google.com/docs/firestore},
    urldate = {2021-01-02},
    keywords  = {firebase,firestore},
}

































@ONLINE{t00,
  editor = {Bratková, Eva},
  editortype={compiler},
  title =  {Metody citování literatury a strukturování bibliografických záznamů podle mezinárodních norem ISO 690 a ISO 690-2}, 
  subtitle = {metodický materiál pro autory vysokoškolských kvalifikačních prací}, edition = {Verze 2.0, aktualiz. a rozšíř.}, 
  location = {Praha},
  publisher = {Odborná komise pro otázky elektronického zpřístupňování vysokoškolských kvalifikačních prací, Asociace knihoven vysokých škol ČR},
  date = {2008-12-22},
  pagetotal = {60}, 
  url = {http://www.evskp.cz/SD/4c.pdf},
  urldate = {2011-02-02}
}


@INCOLLECTION{t02,
  author = {Greenberg, David}, 
  year = {1998},
  title = {Camel drivers and gatecrashers},
  subtitle = {quality control in the digital research library},
  editor = {Hawkins, B.L and Battin, P},
  booktitle = {The mirage of continuity},
  booksubtitle = {reconfiguring academic information resources for the 21st  century}, 
  location = {Washington (D.C.)}, 
  publisher = {Council on Library and Information Resources; Association of American Universities}, 
  pages = {105-116},
  langid = {english}
}

@ARTICLE{t03,
  author = {LYNCH, C.},
  year = {2005},
  title = {Where do we go from here?},
  subtitle = {the next decade for digital libraries},
  journaltitle = {DLib Magazine},
  volume =  {11},
  number = {7/8},
  urldate ={2005-08-15},
  url = {http://www.dlib.org/dlib/july05/lynch/07lynch.html}, 
  issn = {1082-9873},
  langid = {english}
}

@ARTICLE{cr,
  author = {{Národní knihovna}},
  title = {A big paper},
  journaltitle = {The journal of big papers},
  year = {1991},
  volume = {12},
  number = {3},
  issn={2232-332X},
  langid={english}
}

@ONLINE{kniha,
  title = {A big paper},
  subtitle={Podtitul},
  publisher = {Academia},
  year = {1991},
  author = {Děťa, Hugh and Rychlík, Tomáš},
  isbn={978-44-55-X},
  url={http://pokus.cz},
  urldate = {2011-01-12}
}

@BOOK{kniha2,
  title = {Úplně úžasná knížka},
  year = {1991},
  author = {Děťa, Hugh and Rychlík, Tomáš and Další, Pepa and Spousta, Pepa and Skoro, Moc and Ale, Nestačí and Hodně},
  edition = {3},
  address = {Praha}
}

@BOOK{kniha3,
  title = {Úplně úžasná knížka},
  year = {1991},
  author = {Děťa, Hugh and Rychlík, Tomáš and Další, Pepa and Spousta, Pepa and Skoro, Moc and Ale, Nestačí and Hodně},
  edition = {3},
  publisher={MIT Press},
  address = {Praha},
  pagetotal={332},
  langid={english}
}

@ARTICLE{small,
  author = {Freely, I.P.},
  title = {A small paper},
  subtitle = {Podtitulek},
  journaltitle = {The journal of small papers},
  year = {1997},
  volume = {1},
  note = {to appear},
  pages={2-5},
  number={3}
}

@ARTICLE{big,
  author = {Jass, Hugh},
  title = {A big paper},
  journal = {The journal of big papers},
  year = {1991},
  volume = {23}
}

@ARTICLE{cs,
  COMMENT_OUTauthor = {Černý, Hugh},
  title = {Titulek},
  journal = {The journal of big papers},
  year = {1991},
  volume = {12},
  pages = {22-44},
  doi = {10.112.22/jkn},
  number = {2},
}

@BOOK{koll,
  author = {Kollmannová, Ludmila and Bubeníková, Libuše and Kopecká, Alena},
  title = {Angličtina pro samouky}, 
  edition = {5},
  location = {Praha}, 
  publisher = {Státní pedagogické nakladatelství}, 
  year = {1977}, 
  pagetotal = {525},
  series = {Učebnice pro samouky},
  number = {4},
  isbn = {80-04-25663-5}
}

@INBOOK{kap,
  author = {Novotná, Pepina},
  title = {Podkapitola},
  pages = {22-29},
  chapter = {2.},
  crossref = {koll}
}

@PERIODICAL{tug,
  journaltitle = {TUGBoat},
  publisher = {TUG},
  issn = {1222-3333},
  langid = {english},
  date = {1980/},
  options = {skipbib=true},
  url={http://tugboat.tug.org/}
}

@ARTICLE{knuth,
  author = {Knuth, Donald},
  title = {Journeys of \TeX},
  volume = {17},
  number = {3},
  year = {2003},
  pages = {12-22},
  url = {http://tugboat.tug.org/kkk.pdf},
  crossref={tug}
}

@COLLECTION{zbornik,
title = {Mimořádně užitečný sborník},
editor = {Geniální, Jiří},
year = {2007},
location = {Praha},
publisher = {Academia},
isbn = {978-222-626-222-2}
}
@INCOLLECTION{prispevok,
crossref = {zbornik},
title = {Velmi zajímavý článek},
author = {Vlaštovka, Josef},
pages = {22-45}
}